<record><leader>00000cas a22000007a 4500</leader><controlfield tag="001">41407700</controlfield><controlfield tag="008">990521d19811984tnuir ne      0    0eng d</controlfield><datafield ind1=" " ind2=" " tag="010"><subfield code="a">sn 99065831 </subfield></datafield><datafield ind1=" " ind2=" " tag="040"><subfield code="a">TGN</subfield><subfield code="b">eng</subfield><subfield code="c">TGN</subfield><subfield code="d">OCLCF</subfield><subfield code="d">OCLCO</subfield></datafield><datafield ind1="1" ind2=" " tag="029"><subfield code="a">AU@</subfield><subfield code="b">000020123873</subfield></datafield><datafield ind1=" " ind2=" " tag="042"><subfield code="a">msc</subfield></datafield><datafield ind1="0" ind2=" " tag="130"><subfield code="a">Gatlinburg press (Pigeon Forge, Tenn. : 1981)</subfield></datafield><datafield ind1="0" ind2="0" tag="245"><subfield code="a">Gatlinburg press.</subfield></datafield><datafield ind1="1" ind2="7" tag="246"><subfield code="a">News record &amp; press</subfield></datafield><datafield ind1=" " ind2=" " tag="260"><subfield code="a">Pigeon Forge, Tenn. :</subfield><subfield code="b">Mountain Press,</subfield><subfield code="c">1981-1984.</subfield></datafield><datafield ind1=" " ind2=" " tag="300"><subfield code="a">v.</subfield></datafield><datafield ind1=" " ind2=" " tag="310"><subfield code="a">Three times a week</subfield></datafield><datafield ind1="0" ind2=" " tag="362"><subfield code="a">No. 148 (Sept. 28, 1981)-no. 479 (Jan. 13, 1984).</subfield></datafield><datafield ind1=" " ind2=" " tag="515"><subfield code="a">Issued without volume numbering.</subfield></datafield><datafield ind1=" " ind2="0" tag="651"><subfield code="a">Pigeon Forge (Tenn.)</subfield><subfield code="v">Newspapers.</subfield></datafield><datafield ind1=" " ind2="0" tag="651"><subfield code="a">Gatlinburg (Tenn.)</subfield><subfield code="v">Newspapers.</subfield></datafield><datafield ind1=" " ind2="0" tag="651"><subfield code="a">Sevierville (Tenn.)</subfield><subfield code="v">Newspapers.</subfield></datafield><datafield ind1=" " ind2="0" tag="651"><subfield code="a">Sevier County (Tenn.)</subfield><subfield code="v">Newspapers.</subfield></datafield><datafield ind1=" " ind2="7" tag="655"><subfield code="a">Newspapers.</subfield><subfield code="2">fast</subfield><subfield code="0">(OCoLC)fst01423814</subfield></datafield><datafield ind1=" " ind2="7" tag="651"><subfield code="a">Tennessee</subfield><subfield code="z">Gatlinburg.</subfield><subfield code="2">fast</subfield><subfield code="0">(OCoLC)fst01208259</subfield></datafield><datafield ind1=" " ind2="7" tag="651"><subfield code="a">Tennessee</subfield><subfield code="z">Pigeon Forge.</subfield><subfield code="2">fast</subfield><subfield code="0">(OCoLC)fst01227762</subfield></datafield><datafield ind1=" " ind2="7" tag="651"><subfield code="a">Tennessee</subfield><subfield code="z">Sevier County.</subfield><subfield code="2">fast</subfield><subfield code="0">(OCoLC)fst01223224</subfield></datafield><datafield ind1=" " ind2="7" tag="651"><subfield code="a">Tennessee</subfield><subfield code="z">Sevierville.</subfield><subfield code="2">fast</subfield><subfield code="0">(OCoLC)fst01227763</subfield></datafield><datafield ind1=" " ind2=" " tag="752"><subfield code="a">United States</subfield><subfield code="b">Tennessee</subfield><subfield code="c">Sevier</subfield><subfield code="d">Pigeon Forge.</subfield></datafield><datafield ind1=" " ind2=" " tag="752"><subfield code="a">United States</subfield><subfield code="b">Tennessee</subfield><subfield code="c">Sevier</subfield><subfield code="d">Gatlinburg.</subfield></datafield><datafield ind1=" " ind2=" " tag="752"><subfield code="a">United States</subfield><subfield code="b">Tennessee</subfield><subfield code="c">Sevier</subfield><subfield code="d">Sevierville.</subfield></datafield><datafield ind1="0" ind2="1" tag="780"><subfield code="t">Sevierville, Sevier County news-record and Gatlinburg press</subfield><subfield code="w">(DLC)sn 99065819</subfield></datafield><datafield ind1="0" ind2="0" tag="785"><subfield code="t">Mountain press, Gatlinburg press edition</subfield><subfield code="w">(DLC)sn 99065830</subfield></datafield></record>